<record><leader>00000cas a22000007a 4500</leader><controlfield tag="001">31317489</controlfield><controlfield tag="008">941020d19uu19uumoudn ne      0   a0eng c</controlfield><datafield ind1=" " ind2=" " tag="010"><subfield code="a">sn 94004081 </subfield></datafield><datafield ind1=" " ind2=" " tag="040"><subfield code="a">NSD</subfield><subfield code="b">eng</subfield><subfield code="c">NSD</subfield><subfield code="d">OCLCQ</subfield></datafield><datafield ind1=" " ind2=" " tag="012"><subfield code="j">0</subfield><subfield code="m">d</subfield></datafield><datafield ind1="1" ind2=" " tag="022"><subfield code="a">1079-1639</subfield><subfield code="l">1079-1639</subfield><subfield code="2">1</subfield></datafield><datafield ind1=" " ind2=" " tag="042"><subfield code="a">nsdp</subfield><subfield code="a">pcc</subfield></datafield><datafield ind1="0" ind2=" " tag="130"><subfield code="a">Courier post (Saint Charles, Mo.)</subfield></datafield><datafield ind1=" " ind2="4" tag="222"><subfield code="a">The Courier post</subfield><subfield code="b">(Saint Charles, Mo.)</subfield></datafield><datafield ind1="1" ind2="4" tag="245"><subfield code="a">The Courier post.</subfield></datafield><datafield ind1=" " ind2=" " tag="260"><subfield code="a">St. Charles, MO :</subfield><subfield code="b">Legal Communications Corp.</subfield></datafield><datafield ind1=" " ind2=" " tag="300"><subfield code="a">v.</subfield></datafield><datafield ind1=" " ind2=" " tag="310"><subfield code="a">Daily except weekends and legal holidays</subfield></datafield><datafield ind1=" " ind2=" " tag="588"><subfield code="a">Description based on: Vol. 43, no. 163 (June 29, 1994).</subfield></datafield><datafield ind1=" " ind2=" " tag="752"><subfield code="a">United States</subfield><subfield code="b">Missouri</subfield><subfield code="c">Saint Charles</subfield><subfield code="d">Saint Charles.</subfield></datafield><datafield ind1="0" ind2="0" tag="780"><subfield code="t">St. Peters courier-post</subfield><subfield code="x">0191-4154</subfield><subfield code="w">(DLC)sn 90061708</subfield></datafield><datafield ind1="0" ind2="4" tag="785"><subfield code="t">St. Charles county business record</subfield><subfield code="x">1523-6358</subfield><subfield code="w">(DLC)sn 99003332</subfield></datafield><datafield ind1="1" ind2=" " tag="029"><subfield code="a">AU@</subfield><subfield code="b">000011304583</subfield></datafield></record>